@article{Singh22,
    title={Reinforcement learning in robotic applications: a comprehensive survey},
    author={Singh, Bharat and Kumar, Rajesh and Singh, Vinay Pratap},
    journal={Artificial Intelligence Review},
    volume={55},
    number={2},
    pages={945--990},
    year={2022},
    publisher={Springer}
}

@article{Elallid22,
    title={A comprehensive survey on the application of deep and reinforcement learning approaches in autonomous driving},
    author={Elallid, Badr Ben and Benamar, Nabil and Hafid, Abdelhakim Senhaji and Rachidi, Tajjeeddine and Mrani, Nabil},
    journal={Journal of King Saud University-Computer and Information Sciences},
    volume={34},
    number={9},
    pages={7366--7390},
    year={2022},
    publisher={Elsevier}
}

@inproceedings{Xu22,
    title={Accelerated Policy Learning with Parallel Differentiable Simulation},
    author={Jie Xu and Miles Macklin and Viktor Makoviychuk and Yashraj Narang and Animesh Garg and Fabio Ramos and Wojciech Matusik},
    booktitle={International Conference on Learning Representations},
    year={2022},
    _url={https://openreview.net/forum?id=ZSKRQMvttc}
}

@inproceedings{Georgiev24,
    title={Adaptive Horizon Actor-Critic for Policy Learning in Contact-Rich Differentiable Simulation},
    author={Ignat Georgiev and Krishnan Srinivasan and Jie Xu and Eric Heiden and Animesh Garg},
    booktitle={Forty-first International Conference on Machine Learning},
    year={2024},
    _url={https://openreview.net/forum?id=2FHWFG5ahw}
}

@article{Tang21,
    title={A review on representative swarm intelligence algorithms for solving optimization problems: Applications and trends},
    author={Tang, Jun and Liu, Gang and Pan, Qingtao},
    journal={IEEE/CAA Journal of Automatica Sinica},
    volume={8},
    number={10},
    pages={1627--1643},
    year={2021},
    publisher={IEEE}
}

@article{Schulman17,
    title={Proximal policy optimization algorithms},
    author={Schulman, John and Wolski, Filip and Dhariwal, Prafulla and Radford, Alec and Klimov, Oleg},
    journal={arXiv preprint arXiv:1707.06347},
    year={2017}
}

@misc{Sutton98,
    title={Introduction to reinforcement learning. Vol. 135},
    author={Sutton, Richard S and Barto, Andrew G and others},
    year={1998},
    publisher={MIT press Cambridge}
}

@inproceedings{Ma24,
    title={Do Transformer World Models Give Better Policy Gradients?},
    author={Michel Ma and Tianwei Ni and Clement Gehring and Pierluca D'Oro and Pierre-Luc Bacon},
    booktitle={Forty-first International Conference on Machine Learning},
    year={2024},
    _url={https://openreview.net/forum?id=Uoved2xD81}
}

@inproceedings{DBLP:conf/nips/YuVVGWBW22,
  author       = {Chao Yu et al.},
  title        = {The Surprising Effectiveness of {PPO} in Cooperative Multi-Agent Games},
  booktitle    = {Advances in Neural Information Processing Systems ({NeurIPS})},
  year         = {2022},
  _bib_url       = {https://dblp.org/rec/conf/nips/YuVVGWBW22.bib},
  bibsource    = {dblp computer science bibliography, https://dblp.org}
}

@inproceedings{DBLP:conf/dars/BettiniKBP22,
  author       = {Matteo Bettini and
                  Ryan Kortvelesy and
                  Jan Blumenkamp and
                  Amanda Prorok},
  _editor       = {Julien Bourgeois and
                  Jamie Paik and
                  Beno{\^{\i}}t Piranda and
                  Justin Werfel and
                  Sabine Hauert and
                  Alyssa Pierson and
                  Heiko Hamann and
                  Tin Lun Lam and
                  Fumitoshi Matsuno and
                  Negar Mehr and
                  Abdallah Makhoul},
  title        = {{VMAS:} {A} Vectorized Multi-agent Simulator for Collective Robot
                  Learning},
  booktitle    = {Distributed Autonomous Robotic Systems - 16th International Symposium,
                  {DARS} 2022},
  series       = {Springer Proceedings in Advanced Robotics},
  volume       = {28},
  pages        = {42--56},
  publisher    = {Springer},
  year         = {2022},
  _url          = {https://_doi.org/10.1007/978-3-031-51497-5\_4},
  _doi          = {10.1007/978-3-031-51497-5\_4},
  timestamp    = {Sun, 06 Oct 2024 20:59:26 +0200},
  _bib_url       = {https://dblp.org/rec/conf/dars/BettiniKBP22.bib},
  bibsource    = {dblp computer science bibliography, https://dblp.org}
}

@article{Kingma14,
  title={Adam: A method for stochastic optimization},
  author={Kingma, Diederik P},
  journal={arXiv preprint arXiv:1412.6980},
  year={2014}
}

@inproceedings{Todorov12,
  title={Mujoco: A physics engine for model-based control},
  author={Todorov, Emanuel and Erez, Tom and Tassa, Yuval},
  booktitle={2012 IEEE/RSJ international conference on intelligent robots and systems},
  pages={5026--5033},
  year={2012},
  organization={IEEE}
}

@misc{Coumans16,
  title={Pybullet, a python module for physics simulation for games, robotics and machine learning},
  author={Coumans, Erwin and Bai, Yunfei},
  year={2016}
}
@article{Bellemare13,
  title={The arcade learning environment: An evaluation platform for general agents},
  author={Bellemare, Marc G and Naddaf, Yavar and Veness, Joel and Bowling, Michael},
  journal={Journal of Artificial Intelligence Research},
  volume={47},
  pages={253--279},
  year={2013}
}

@article{Balla23,
  title={PyTAG: Challenges and Opportunities for Reinforcement Learning in Tabletop Games},
  author={Balla, Martin and Long, George EM and Jeurissen, Dominik and Goodman, James and Gaina, Raluca D and Perez-Liebana, Diego},
  year= {2023},
  booktitle= {{IEEE Conference on Games (CoG), 2023}},
}

@software{Genesis24,
  author = {Genesis Authors},
  title = {Genesis: A Universal and Generative Physics Engine for Robotics and Beyond},
  month = {December},
  year = {2024},
  _url = {https://github.com/Genesis-Embodied-AI/Genesis}
}

@software{Freeman21,
  author = {C. Daniel Freeman and Erik Frey and Anton Raichuk and Sertan Girgin and Igor Mordatch and Olivier Bachem},
  title = {Brax - A Differentiable Physics Engine for Large Scale Rigid Body Simulation},
  _url = {http://github.com/google/brax},
  version = {0.12.1},
  year = {2021},
}

@article{Howell22,
  title={Dojo: A Differentiable Simulator for Robotics},
  author={Taylor, A. Howell and Le Cleac'h, Simon and Kolter, Zico and Schwager, Mac and Manchester, Zachary},
  journal={arXiv preprint arXiv:2203.00806},
  year={2022}
}

@inproceedings{Ansel24,
  author = {Ansel, Jason and et al.},
  booktitle = {29th ACM International Conference on Architectural Support for Programming Languages and Operating Systems, Volume 2 (ASPLOS '24)},
  _doi = {10.1145/3620665.3640366},
  month = apr,
  publisher = {ACM},
  title = {{PyTorch 2: Faster Machine Learning Through Dynamic Python Bytecode Transformation and Graph Compilation}},
  _url = {https://pytorch.org/assets/pytorch2-2.pdf},
  year = {2024}
}

@software{Bradbury18,
  author = {James Bradbury and Roy Frostig and Peter Hawkins and Matthew James Johnson and Chris Leary and Dougal Maclaurin and George Necula and Adam Paszke and Jake Vander{P}las and Skye Wanderman-{M}ilne and Qiao Zhang},
  title = {{JAX}: composable transformations of {P}ython+{N}um{P}y programs},
  _url = {http://github.com/jax-ml/jax},
  version = {0.3.13},
  year = {2018},
}

@article{Degrave19,
  title={A differentiable physics engine for deep learning in robotics},
  author={Degrave, Jonas and Hermans, Michiel and Dambre, Joni and Wyffels, Francis},
  journal={Frontiers in neurorobotics},
  volume={13},
  pages={6},
  year={2019},
  publisher={Frontiers Media SA}
}

@article{Moritz20,
  title={Analytically differentiable dynamics for multibody systems with friction contact},
  author={Moritz, Geilinger and David, Hahn and Yonas, Z and Moritz, B{\"a}cher and Benrhnard, T and Stelian, Coros},
  journal={ACM Transactions on Graphics},
  volume={39},
  number={6},
  year={2020}
}

@inproceedings{Werling21,
  title={Fast and Feature-Complete Differentiable Physics Engine for Articulated Rigid Bodies with Contact Constraints},
  author={Werling, Keenon and Omens, Dalton and Lee, Jeongseok and Exarchos, Ioannis and Liu, C Karen},
  booktitle={Robotics: Science and Systems},
  year={2021}
}

@inproceedings{Carpentier18,
  title={Analytical derivatives of rigid body dynamics algorithms},
  author={Carpentier, Justin and Mansard, Nicolas},
  booktitle={Robotics: Science and systems (RSS 2018)},
  year={2018}
}

@article{Mnih13,
  title={Playing atari with deep reinforcement learning},
  author={Mnih, Volodymyr},
  journal={arXiv preprint arXiv:1312.5602},
  year={2013}
}

@article{Silver17,
  title={Mastering chess and shogi by self-play with a general reinforcement learning algorithm},
  author={Silver, David and Hubert, Thomas and Schrittwieser, Julian and Antonoglou, Ioannis and Lai, Matthew and Guez, Arthur and Lanctot, Marc and Sifre, Laurent and Kumaran, Dharshan and Graepel, Thore and others},
  journal={arXiv preprint arXiv:1712.01815},
  year={2017}
}

@inproceedings{Mnih16,
  author     = {Volodymyr Mnih et al.},
  title      = {Asynchronous Methods for Deep Reinforcement Learning},
  booktitle  = {Proceedings of the 33rd International Conference on Machine Learning (ICML)},
  volume     = {48},
  pages      = {1928--1937},
  year       = {2016},
  _url        = {http://proceedings.mlr.press/v48/mniha16.html}
}

@inproceedings{DBLP:journals/corr/LillicrapHPHETS15,
  author       = {Timothy P. Lillicrap et al.},
  title        = {Continuous control with deep reinforcement learning},
  booktitle    = {4th International Conference on Learning Representations (ICLR)},
  year         = {2016},
  _url          = {http://arxiv.org/abs/1509.02971}
}

@article{DBLP:journals/corr/SchulmanWDRK17,
  author       = {John Schulman and
                  Filip Wolski and
                  Prafulla Dhariwal and
                  Alec Radford and
                  Oleg Klimov},
  title        = {Proximal Policy Optimization Algorithms},
  journal      = {CoRR},
  volume       = {abs/1707.06347},
  year         = {2017},
  _url          = {http://arxiv.org/abs/1707.06347},
  eprinttype    = {arXiv},
  eprint       = {1707.06347},
  timestamp    = {Mon, 13 Aug 2018 16:47:34 +0200},
  _bib_url       = {https://dblp.org/rec/journals/corr/SchulmanWDRK17.bib},
  bibsource    = {dblp computer science bibliography, https://dblp.org}
}

@inproceedings{DBLP:conf/icml/HaarnojaZAL18,
  author       = {Tuomas Haarnoja and
                  Aurick Zhou and
                  Pieter Abbeel and
                  Sergey Levine},
  editor       = {Jennifer G. Dy and
                  Andreas Krause},
  title        = {Soft Actor-Critic: Off-Policy Maximum Entropy Deep Reinforcement Learning
                  with a Stochastic Actor},
  booktitle    = {Proceedings of the 35th International Conference on Machine Learning,
                  {ICML} 2018, Stockholmsm{\"{a}}ssan, Stockholm, Sweden, July
                  10-15, 2018},
  series       = {Proceedings of Machine Learning Research},
  volume       = {80},
  pages        = {1856--1865},
  publisher    = {{PMLR}},
  year         = {2018},
  _url          = {http://proceedings.mlr.press/v80/haarnoja18b.html},
  timestamp    = {Wed, 03 Apr 2019 18:17:30 +0200},
  _bib_url       = {https://dblp.org/rec/conf/icml/HaarnojaZAL18.bib},
  bibsource    = {dblp computer science bibliography, https://dblp.org}
}

@inproceedings{DBLP:conf/iclr/HafnerLB020,
  author       = {Danijar Hafner et al.},
  title        = {Dream to Control: Learning Behaviors by Latent Imagination},
  booktitle    = {8th International Conference on Learning Representations, {ICLR} 2020,
                  Addis Ababa, Ethiopia, April 26-30, 2020},
  publisher    = {OpenReview.net},
  year         = {2020},
  _url          = {https://openreview.net/forum?id=S1lOTC4tDS},
  timestamp    = {Thu, 07 May 2020 17:11:48 +0200},
  _bib_url       = {https://dblp.org/rec/conf/iclr/HafnerLB020.bib},
  bibsource    = {dblp computer science bibliography, https://dblp.org}
}

@inproceedings{DBLP:conf/icml/HafnerLFVHLD19,
  author       = {Danijar Hafner et al.},
  title        = {Learning Latent Dynamics for Planning from Pixels},
  booktitle    = {Proceedings of the 36th International Conference on Machine Learning (ICML)},
  series       = {Proceedings of Machine Learning Research},
  volume       = {97},
  pages        = {2555--2565},
  publisher    = {PMLR},
  year         = {2019},
  _url          = {http://proceedings.mlr.press/v97/hafner19a.html}
}

@inproceedings{Hessel18,
  author       = {Matteo Hessel et al.},
  title        = {Rainbow: Combining Improvements in Deep Reinforcement Learning},
  booktitle    = {Proc. 32nd AAAI Conf. Artificial Intelligence (AAAI)},
  pages        = {3215--3222},
  publisher    = {AAAI Press},
  year         = {2018},
  _doi          = {10.1609/AAAI.V32I1.11796},
  _url          = {https://_doi.org/10.1609/aaai.v32i1.11796}
}
@inproceedings{DBLP:conf/nips/LoweWTHAM17,
  author    = {Ryan Lowe and Yi Wu and Aviv Tamar and Jean Harb and Pieter Abbeel and Igor Mordatch},
  editor    = {Isabelle Guyon and Ulrike von Luxburg and Samy Bengio and Hanna M. Wallach and Rob Fergus and S. V. N. Vishwanathan and Roman Garnett},
  title     = {Multi-Agent Actor-Critic for Mixed Cooperative-Competitive Environments},
  booktitle = {Advances in Neural Information Processing Systems (NeurIPS)},
  pages     = {6379--6390},
  year      = {2017},
  _url       = {https://proceedings.neurips.cc/paper/2017/hash/68a9750337a418a86fe06c1991a1d64c-Abstract.html},
  _bib_url    = {https://dblp.org/rec/conf/nips/LoweWTHAM17.bib},
  bibsource = {dblp computer science bibliography, https://dblp.org}
}
@inproceedings{DBLP:conf/aaai/FoersterFANW18,
  author       = {Jakob N. Foerster et al.},
  title        = {Counterfactual Multi-Agent Policy Gradients},
  booktitle    = {32nd AAAI Conference on Artificial Intelligence (AAAI)},
  pages        = {2974--2982},
  year         = {2018},
  _url          = {https://_doi.org/10.1609/aaai.v32i1.11794},
  _doi          = {10.1609/AAAI.V32I1.11794}
}

@inproceedings{DBLP:conf/icml/RashidSWFFW18,
  author       = {Tabish Rashid et al.},
  editor       = {Jennifer G. Dy and
                  Andreas Krause},
  title        = {{QMIX:} Monotonic Value Function Factorisation for Deep Multi-Agent
                  Reinforcement Learning},
  booktitle    = {Proceedings of the 35th International Conference on Machine Learning,
                  {ICML} 2018, Stockholmsm{\"{a}}ssan, Stockholm, Sweden, July
                  10-15, 2018},
  series       = {Proceedings of Machine Learning Research},
  volume       = {80},
  pages        = {4292--4301},
  publisher    = {{PMLR}},
  year         = {2018},
  _url          = {http://proceedings.mlr.press/v80/rashid18a.html},
  timestamp    = {Wed, 03 Apr 2019 18:17:30 +0200},
  _bib_url       = {https://dblp.org/rec/conf/icml/RashidSWFFW18.bib},
  bibsource    = {dblp computer science bibliography, https://dblp.org}
}

@inproceedings{Yang18,
  author       = {Yaodong Yang et al.},
  title        = {Mean Field Multi-Agent Reinforcement Learning},
  booktitle    = {ICML},
  series       = {Proceedings of Machine Learning Research},
  volume       = {80},
  pages        = {5567--5576},
  publisher    = {PMLR},
  year         = {2018},
  _url          = {http://proceedings.mlr.press/v80/yang18d.html}
}

@book{albrecht2024multi,
  title={Multi-agent reinforcement learning: Foundations and modern approaches},
  author={Albrecht, Stefano V and Christianos, Filippos and Sch{\"a}fer, Lukas},
  year={2024},
  publisher={MIT Press}
}

@article{DBLP:journals/air/ChungFYN24,
  author       = {Jaehoon Chung and
                  Jamil Fayyad and
                  Younes Al Younes and
                  Homayoun Najjaran},
  title        = {Learning team-based navigation: a review of deep reinforcement learning
                  techniques for multi-agent pathfinding},
  journal      = {Artif. Intell. Rev.},
  volume       = {57},
  number       = {2},
  pages        = {41},
  year         = {2024},
  _url          = {https://_doi.org/10.1007/s10462-023-10670-6},
  _doi          = {10.1007/S10462-023-10670-6},
  timestamp    = {Fri, 08 Mar 2024 13:22:05 +0100},
  _bib_url       = {https://dblp.org/rec/journals/air/ChungFYN24.bib},
  bibsource    = {dblp computer science bibliography, https://dblp.org}
}

@article{DBLP:journals/corr/abs-2312-05162,
  author       = {Yali Du and
                  Joel Z. Leibo and
                  Usman Islam and
                  Richard Willis and
                  Peter Sunehag},
  title        = {A Review of Cooperation in Multi-agent Learning},
  journal      = {CoRR},
  volume       = {abs/2312.05162},
  year         = {2023},
  _url          = {https://_doi.org/10.48550/arXiv.2312.05162},
  _doi          = {10.48550/ARXIV.2312.05162},
  eprinttype    = {arXiv},
  eprint       = {2312.05162},
  timestamp    = {Wed, 03 Jan 2024 14:03:35 +0100},
  _bib_url       = {https://dblp.org/rec/journals/corr/abs-2312-05162.bib},
  bibsource    = {dblp computer science bibliography, https://dblp.org}
}

@article{DBLP:journals/tits/ChuWCL20,
  author       = {Tianshu Chu and
                  Jie Wang and
                  Lara Codec{\`{a}} and
                  Zhaojian Li},
  title        = {Multi-Agent Deep Reinforcement Learning for Large-Scale Traffic Signal
                  Control},
  journal      = {{IEEE} Trans. Intell. Transp. Syst.},
  volume       = {21},
  number       = {3},
  pages        = {1086--1095},
  year         = {2020},
  _url          = {https://_doi.org/10.1109/TITS.2019.2901791},
  _doi          = {10.1109/TITS.2019.2901791},
  timestamp    = {Wed, 05 Aug 2020 13:47:36 +0200},
  _bib_url       = {https://dblp.org/rec/journals/tits/ChuWCL20.bib},
  bibsource    = {dblp computer science bibliography, https://dblp.org}
}

@inproceedings{DBLP:conf/iclr/BakerKMWPMM20,
  author       = {Bowen Baker and
                  Ingmar Kanitscheider and
                  Todor M. Markov and
                  Yi Wu and
                  Glenn Powell and
                  Bob McGrew and
                  Igor Mordatch},
  title        = {Emergent Tool Use From Multi-Agent Autocurricula},
  booktitle    = {8th International Conference on Learning Representations, {ICLR} 2020,
                  Addis Ababa, Ethiopia, April 26-30, 2020},
  publisher    = {OpenReview.net},
  year         = {2020},
  _url          = {https://openreview.net/forum?id=SkxpxJBKwS},
  timestamp    = {Tue, 02 Apr 2024 15:05:10 +0200},
  _bib_url       = {https://dblp.org/rec/conf/iclr/BakerKMWPMM20.bib},
  bibsource    = {dblp computer science bibliography, https://dblp.org}
}
@article{jaderberg2019human,
  title={Human-level performance in 3D multiplayer games with population-based reinforcement learning},
  author={Jaderberg, Max et al.},
  journal={Science},
  volume={364},
  number={6443},
  pages={859--865},
  year={2019},
  publisher={American Association for the Advancement of Science}
}

@inproceedings{Mora21,
  title={Pods: Policy optimization via differentiable simulation},
  author={Mora, Miguel Angel Zamora and Peychev, Momchil and Ha, Sehoon and Vechev, Martin and Coros, Stelian},
  booktitle={International Conference on Machine Learning},
  pages={7805--7817},
  year={2021},
  organization={PMLR}
}

@article{Gillen22,
  title={Leveraging reward gradients for reinforcement learning in differentiable physics simulations},
  author={Gillen, Sean and Byl, Katie},
  journal={arXiv preprint arXiv:2203.02857},
  year={2022}
}

@article{Metz21,
  title={Gradients are not all you need},
  author={Metz, Luke and Freeman, C Daniel and Schoenholz, Samuel S and Kachman, Tal},
  journal={arXiv preprint arXiv:2111.05803},
  year={2021}
}

@article{Bengio94,
  title={Learning long-term dependencies with gradient descent is difficult},
  author={Bengio, Yoshua and Simard, Patrice and Frasconi, Paolo},
  journal={IEEE transactions on neural networks},
  volume={5},
  number={2},
  pages={157--166},
  year={1994},
  publisher={IEEE}
}

@article{Lv23,
  title={Sam-rl: Sensing-aware model-based reinforcement learning via differentiable physics-based simulation and rendering},
  author={Lv, Jun and Feng, Yunhai and Zhang, Cheng and Zhao, Shuang and Shao, Lin and Lu, Cewu},
  journal={The International Journal of Robotics Research},
  pages={02783649241284653},
  year={2023},
  publisher={SAGE Publications Sage UK: London, England}
}

@article{Zheng24,
  title={Symbolic visual reinforcement learning: A scalable framework with object-level abstraction and differentiable expression search},
  author={Zheng, Wenqing and Sharan, SP and Fan, Zhiwen and Wang, Kevin and Xi, Yihan and Wang, Zhangyang},
  journal={IEEE Transactions on Pattern Analysis and Machine Intelligence},
  year={2024},
  publisher={IEEE}
}

@article{Wan24,
  title={DiffTOP: Differentiable Trajectory Optimization for Deep Reinforcement and Imitation Learning},
  author={Wan, Weikang et al.},
  journal={arXiv preprint arXiv:2402.05421},
  year={2024}
}

@article{DBLP:journals/corr/abs-2211-13746,
  author       = {John P. Agapiou et al.},
  title        = {Melting Pot 2.0},
  journal      = {CoRR},
  volume       = {abs/2211.13746},
  year         = {2022},
  _url          = {https://_doi.org/10.48550/arXiv.2211.13746},
  _doi          = {10.48550/ARXIV.2211.13746},
  eprinttype    = {arXiv},
  eprint       = {2211.13746},
  timestamp    = {Sat, 30 Sep 2023 10:09:46 +0200},
  _bib_url       = {https://dblp.org/rec/journals/corr/abs-2211-13746.bib},
  bibsource    = {dblp computer science bibliography, https://dblp.org}
}

@article{Shapley53,
  title={Stochastic games},
  author={Shapley, Lloyd S},
  journal={Proceedings of the national academy of sciences},
  volume={39},
  number={10},
  pages={1095--1100},
  year={1953},
  publisher={National Acad Sciences}
}

@article{Beltagy20,
  title={Longformer: The long-document transformer},
  author={Beltagy, Iz and Peters, Matthew E and Cohan, Arman},
  journal={arXiv preprint arXiv:2004.05150},
  year={2020}
}

@article{Vaswani17,
  title={Attention is all you need},
  author={Vaswani, A},
  journal={Advances in Neural Information Processing Systems},
  year={2017}
}
@inproceedings{DBLP:conf/icml/PettingZoo,
  title={PettingZoo: Gym for Multi-Agent Reinforcement Learning},
  author={Terry, J. K. et al.},
  booktitle={Advances in Neural Information Processing Systems},
  volume={34},
  pages={15032--15043},
  year={2021},
  _url={https://papers.neurips.cc/paper_files/paper/2021/hash/7ed2d3454c5eea71148b11d0c25104ff-Abstract.html}
}

@inproceedings{DBLP:conf/icml/ZhangZLZ20,
  title={The StarCraft Multi-Agent Challenge},
  author={Samvelyan, Mikayel et al.},
  booktitle={Proceedings of the 18th International Conference on Autonomous Agents and MultiAgent Systems},
  pages={2186--2188},
  year={2019},
  _url={https://arxiv.org/abs/1902.04043}
}

@inproceedings{DBLP:conf/aaai/GuptaK0G20,
  title={Multi-Agent Reinforcement Learning in Mixed Cooperative-Competitive Environments},
  author={Gupta, Abhishek and Kumar, Rohit and Egorov, Maxim and Levine, Sergey},
  booktitle={Proceedings of the 35th AAAI Conference on Artificial Intelligence},
  pages={11093--11100},
  year={2021},
  _url={https://arxiv.org/abs/1706.02275}
}

@misc{DBLP:journals/corr/abs-1710-06347,
  title={PyBullet, a Python module for physics simulation for games, robotics and machine learning},
  author={Coumans, Erwin},
  year={2017},
  _url={https://pybullet.org/wordpress/}
}

@inproceedings{DBLP:conf/aaai/DiehlB21,
  title={Neural MMO: A Massively Multiagent Game Environment for Training and Evaluating Intelligent Agents},
  author={Suarez, Joseph and Du, Yilun and Isola, Phillip and Mordatch, Igor},
  booktitle={Proceedings of the 33rd AAAI Conference on Artificial Intelligence},
  pages={4476--4483},
  year={2019},
  _url={https://arxiv.org/abs/1903.00784}
}

@inproceedings{DBLP:conf/icml/GuptaK0G20,
  title={Scalable Evaluation of Multi-Agent Reinforcement Learning with Melting Pot},
  author={Leibo, Joel Z. and Dueñez-Guzmán, Edgar A. and Vezhnevets, Alexander Sasha and Agapiou, John P. and Sunehag, Peter and Koster, Raphael and Matyas, Jayd and Beattie, Charles and Mordatch, Igor and Graepel, Thore},
  booktitle={Proceedings of the 38th International Conference on Machine Learning},
  volume={139},
  pages={6187--6199},
  year={2021},
  _url={https://proceedings.mlr.press/v139/leibo21a.html}
}

@inproceedings{Kuba2021TrustRM,
  title     = {Trust Region Policy Optimization for Multi-Agent Reinforcement Learning},
  author    = {Kuba, Jakub and Wang, Zihan and Zhang, Kaiqing and Basar, Tamer},
  booktitle = {Proceedings of the 38th International Conference on Machine Learning (ICML)},
  year      = {2021},
  _url       = {https://arxiv.org/abs/2103.01955}
}

@article{Haarnoja2018SoftAA,
  title   = {Soft Actor-Critic: Off-Policy Maximum Entropy Deep Reinforcement Learning with a Stochastic Actor},
  author  = {Haarnoja, Tuomas et al.},
  journal = {arXiv preprint arXiv:1801.01290},
  year    = {2018},
  _url     = {https://arxiv.org/abs/1801.01290}
}

@article{Alvarez24,
  title={Real-Time Whole-Body Control of Legged Robots with Model-Predictive Path Integral Control},
  author={Alvarez-Padilla, Juan and Zhang, John Z and Kwok, Sofia and Dolan, John M and Manchester, Zachary},
  journal={arXiv preprint arXiv:2409.10469},
  year={2024}
}
