@article{Singh22,
    title={Reinforcement learning in robotic applications: a comprehensive survey},
    author={Singh, Bharat and Kumar, Rajesh and Singh, Vinay Pratap},
    journal={Artificial Intelligence Review},
    volume={55},
    number={2},
    pages={945--990},
    year={2022},
    publisher={Springer}
}

@article{Elallid22,
    title={A comprehensive survey on the application of deep and reinforcement learning approaches in autonomous driving},
    author={Elallid, Badr Ben and Benamar, Nabil and Hafid, Abdelhakim Senhaji and Rachidi, Tajjeeddine and Mrani, Nabil},
    journal={Journal of King Saud University-Computer and Information Sciences},
    volume={34},
    number={9},
    pages={7366--7390},
    year={2022},
    publisher={Elsevier}
}

@inproceedings{Xu22,
    title={Accelerated Policy Learning with Parallel Differentiable Simulation},
    author={Jie Xu and Miles Macklin and Viktor Makoviychuk and Yashraj Narang and Animesh Garg and Fabio Ramos and Wojciech Matusik},
    booktitle={International Conference on Learning Representations},
    year={2022},
    url={https://openreview.net/forum?id=ZSKRQMvttc}
}

@inproceedings{Georgiev24,
    title={Adaptive Horizon Actor-Critic for Policy Learning in Contact-Rich Differentiable Simulation},
    author={Ignat Georgiev and Krishnan Srinivasan and Jie Xu and Eric Heiden and Animesh Garg},
    booktitle={Forty-first International Conference on Machine Learning},
    year={2024},
    url={https://openreview.net/forum?id=2FHWFG5ahw}
}

@article{Tang21,
    title={A review on representative swarm intelligence algorithms for solving optimization problems: Applications and trends},
    author={Tang, Jun and Liu, Gang and Pan, Qingtao},
    journal={IEEE/CAA Journal of Automatica Sinica},
    volume={8},
    number={10},
    pages={1627--1643},
    year={2021},
    publisher={IEEE}
}

@article{Schulman17,
    title={Proximal policy optimization algorithms},
    author={Schulman, John and Wolski, Filip and Dhariwal, Prafulla and Radford, Alec and Klimov, Oleg},
    journal={arXiv preprint arXiv:1707.06347},
    year={2017}
}

@misc{Sutton98,
    title={Introduction to reinforcement learning. Vol. 135},
    author={Sutton, Richard S and Barto, Andrew G and others},
    year={1998},
    publisher={MIT press Cambridge}
}

@inproceedings{Ma24,
    title={Do Transformer World Models Give Better Policy Gradients?},
    author={Michel Ma and Tianwei Ni and Clement Gehring and Pierluca D'Oro and Pierre-Luc Bacon},
    booktitle={Forty-first International Conference on Machine Learning},
    year={2024},
    url={https://openreview.net/forum?id=Uoved2xD81}
}

@inproceedings{DBLP:conf/nips/YuVVGWBW22,
  author       = {Chao Yu and
                  Akash Velu and
                  Eugene Vinitsky and
                  Jiaxuan Gao and
                  Yu Wang and
                  Alexandre M. Bayen and
                  Yi Wu},
  editor       = {Sanmi Koyejo and
                  S. Mohamed and
                  A. Agarwal and
                  Danielle Belgrave and
                  K. Cho and
                  A. Oh},
  title        = {The Surprising Effectiveness of {PPO} in Cooperative Multi-Agent Games},
  booktitle    = {Advances in Neural Information Processing Systems 35: Annual Conference
                  on Neural Information Processing Systems 2022, NeurIPS 2022, New Orleans,
                  LA, USA, November 28 - December 9, 2022},
  year         = {2022},
  url          = {http://papers.nips.cc/paper\_files/paper/2022/hash/9c1535a02f0ce079433344e14d910597-Abstract-Datasets\_and\_Benchmarks.html},
  timestamp    = {Thu, 18 Jul 2024 08:52:00 +0200},
  biburl       = {https://dblp.org/rec/conf/nips/YuVVGWBW22.bib},
  bibsource    = {dblp computer science bibliography, https://dblp.org}
}

@inproceedings{DBLP:conf/dars/BettiniKBP22,
  author       = {Matteo Bettini and
                  Ryan Kortvelesy and
                  Jan Blumenkamp and
                  Amanda Prorok},
  editor       = {Julien Bourgeois and
                  Jamie Paik and
                  Beno{\^{\i}}t Piranda and
                  Justin Werfel and
                  Sabine Hauert and
                  Alyssa Pierson and
                  Heiko Hamann and
                  Tin Lun Lam and
                  Fumitoshi Matsuno and
                  Negar Mehr and
                  Abdallah Makhoul},
  title        = {{VMAS:} {A} Vectorized Multi-agent Simulator for Collective Robot
                  Learning},
  booktitle    = {Distributed Autonomous Robotic Systems - 16th International Symposium,
                  {DARS} 2022, Montb{\'{e}}liard, France, 28-30 November 2022},
  series       = {Springer Proceedings in Advanced Robotics},
  volume       = {28},
  pages        = {42--56},
  publisher    = {Springer},
  year         = {2022},
  url          = {https://doi.org/10.1007/978-3-031-51497-5\_4},
  doi          = {10.1007/978-3-031-51497-5\_4},
  timestamp    = {Sun, 06 Oct 2024 20:59:26 +0200},
  biburl       = {https://dblp.org/rec/conf/dars/BettiniKBP22.bib},
  bibsource    = {dblp computer science bibliography, https://dblp.org}
}

@article{Kingma14,
  title={Adam: A method for stochastic optimization},
  author={Kingma, Diederik P},
  journal={arXiv preprint arXiv:1412.6980},
  year={2014}
}

@inproceedings{Todorov12,
  title={Mujoco: A physics engine for model-based control},
  author={Todorov, Emanuel and Erez, Tom and Tassa, Yuval},
  booktitle={2012 IEEE/RSJ international conference on intelligent robots and systems},
  pages={5026--5033},
  year={2012},
  organization={IEEE}
}

@misc{Coumans16,
  title={Pybullet, a python module for physics simulation for games, robotics and machine learning},
  author={Coumans, Erwin and Bai, Yunfei},
  year={2016}
}
@article{Bellemare13,
  title={The arcade learning environment: An evaluation platform for general agents},
  author={Bellemare, Marc G and Naddaf, Yavar and Veness, Joel and Bowling, Michael},
  journal={Journal of Artificial Intelligence Research},
  volume={47},
  pages={253--279},
  year={2013}
}

@article{Balla23,
  title={PyTAG: Challenges and Opportunities for Reinforcement Learning in Tabletop Games},
  author={Balla, Martin and Long, George EM and Jeurissen, Dominik and Goodman, James and Gaina, Raluca D and Perez-Liebana, Diego},
  year= {2023},
  booktitle= {{IEEE Conference on Games (CoG), 2023}},
}

@software{Genesis24,
  author = {Genesis Authors},
  title = {Genesis: A Universal and Generative Physics Engine for Robotics and Beyond},
  month = {December},
  year = {2024},
  url = {https://github.com/Genesis-Embodied-AI/Genesis}
}

@software{Freeman21,
  author = {C. Daniel Freeman and Erik Frey and Anton Raichuk and Sertan Girgin and Igor Mordatch and Olivier Bachem},
  title = {Brax - A Differentiable Physics Engine for Large Scale Rigid Body Simulation},
  url = {http://github.com/google/brax},
  version = {0.12.1},
  year = {2021},
}

@article{Howell22,
  title={Dojo: A Differentiable Simulator for Robotics},
  author={Taylor, A. Howell and Le Cleac'h, Simon and Kolter, Zico and Schwager, Mac and Manchester, Zachary},
  journal={arXiv preprint arXiv:2203.00806},
  year={2022}
}

@inproceedings{Ansel24,
  author = {Ansel, Jason and Yang, Edward and He, Horace and Gimelshein, Natalia and Jain, Animesh and Voznesensky, Michael and Bao, Bin and Bell, Peter and Berard, David and Burovski, Evgeni and Chauhan, Geeta and Chourdia, Anjali and Constable, Will and Desmaison, Alban and DeVito, Zachary and Ellison, Elias and Feng, Will and Gong, Jiong and Gschwind, Michael and Hirsh, Brian and Huang, Sherlock and Kalambarkar, Kshiteej and Kirsch, Laurent and Lazos, Michael and Lezcano, Mario and Liang, Yanbo and Liang, Jason and Lu, Yinghai and Luk, CK and Maher, Bert and Pan, Yunjie and Puhrsch, Christian and Reso, Matthias and Saroufim, Mark and Siraichi, Marcos Yukio and Suk, Helen and Suo, Michael and Tillet, Phil and Wang, Eikan and Wang, Xiaodong and Wen, William and Zhang, Shunting and Zhao, Xu and Zhou, Keren and Zou, Richard and Mathews, Ajit and Chanan, Gregory and Wu, Peng and Chintala, Soumith},
  booktitle = {29th ACM International Conference on Architectural Support for Programming Languages and Operating Systems, Volume 2 (ASPLOS '24)},
  doi = {10.1145/3620665.3640366},
  month = apr,
  publisher = {ACM},
  title = {{PyTorch 2: Faster Machine Learning Through Dynamic Python Bytecode Transformation and Graph Compilation}},
  url = {https://pytorch.org/assets/pytorch2-2.pdf},
  year = {2024}
}

@software{Bradbury18,
  author = {James Bradbury and Roy Frostig and Peter Hawkins and Matthew James Johnson and Chris Leary and Dougal Maclaurin and George Necula and Adam Paszke and Jake Vander{P}las and Skye Wanderman-{M}ilne and Qiao Zhang},
  title = {{JAX}: composable transformations of {P}ython+{N}um{P}y programs},
  url = {http://github.com/jax-ml/jax},
  version = {0.3.13},
  year = {2018},
}

@article{Degrave19,
  title={A differentiable physics engine for deep learning in robotics},
  author={Degrave, Jonas and Hermans, Michiel and Dambre, Joni and Wyffels, Francis},
  journal={Frontiers in neurorobotics},
  volume={13},
  pages={6},
  year={2019},
  publisher={Frontiers Media SA}
}

@article{Moritz20,
  title={Analytically differentiable dynamics for multibody systems with friction contact},
  author={Moritz, Geilinger and David, Hahn and Yonas, Z and Moritz, B{\"a}cher and Benrhnard, T and Stelian, Coros},
  journal={ACM Transactions on Graphics},
  volume={39},
  number={6},
  year={2020}
}

@inproceedings{Werling21,
  title={Fast and Feature-Complete Differentiable Physics Engine for Articulated Rigid Bodies with Contact Constraints},
  author={Werling, Keenon and Omens, Dalton and Lee, Jeongseok and Exarchos, Ioannis and Liu, C Karen},
  booktitle={Robotics: Science and Systems},
  year={2021}
}

@inproceedings{Carpentier18,
  title={Analytical derivatives of rigid body dynamics algorithms},
  author={Carpentier, Justin and Mansard, Nicolas},
  booktitle={Robotics: Science and systems (RSS 2018)},
  year={2018}
}

@article{Mnih13,
  title={Playing atari with deep reinforcement learning},
  author={Mnih, Volodymyr},
  journal={arXiv preprint arXiv:1312.5602},
  year={2013}
}

@article{Silver17,
  title={Mastering chess and shogi by self-play with a general reinforcement learning algorithm},
  author={Silver, David and Hubert, Thomas and Schrittwieser, Julian and Antonoglou, Ioannis and Lai, Matthew and Guez, Arthur and Lanctot, Marc and Sifre, Laurent and Kumaran, Dharshan and Graepel, Thore and others},
  journal={arXiv preprint arXiv:1712.01815},
  year={2017}
}


